@Article{tidyverse,
  title = {Welcome to the {tidyverse}},
  author = {Hadley Wickham and Mara Averick and Jennifer Bryan and Winston Chang and Lucy D'Agostino McGowan and Romain François and Garrett Grolemund and Alex Hayes and Lionel Henry and Jim Hester and Max Kuhn and Thomas Lin Pedersen and Evan Miller and Stephan Milton Bache and Kirill Müller and Jeroen Ooms and David Robinson and Dana Paige Seidel and Vitalie Spinu and Kohske Takahashi and Davis Vaughan and Claus Wilke and Kara Woo and Hiroaki Yutani},
  year = {2019},
  journal = {Journal of Open Source Software},
  volume = {4},
  number = {43},
  pages = {1686},
  doi = {10.21105/joss.01686},
}

@Manual{here,
  title = {here: A Simpler Way to Find Your Files},
  author = {Kirill Müller},
  year = {2020},
  note = {R package version 1.0.1},
  url = {https://CRAN.R-project.org/package=here},
}

@Manual{janitor,
  title = {janitor: Simple Tools for Examining and Cleaning Dirty Data},
  author = {Sam Firke},
  year = {2021},
  note = {R package version 2.1.0},
  url = {https://CRAN.R-project.org/package=janitor},
}

@Manual{rio,
  title = {rio: A Swiss-army knife for data file I/O},
  author = {Chung-hong Chan and Geoffrey CH Chan and Thomas J. Leeper and Jason Becker},
  year = {2021},
  note = {R package version 0.5.27},
}

@Article{gtsummary,
  author = {Daniel D. Sjoberg and Karissa Whiting and Michael Curry and Jessica A. Lavery and Joseph Larmarange},
  title = {Reproducible Summary Tables with the gtsummary Package},
  journal = {{The R Journal}},
  year = {2021},
  url = {https://doi.org/10.32614/RJ-2021-053},
  doi = {10.32614/RJ-2021-053},
  volume = {13},
  issue = {1},
  pages = {570-580},
}

@Manual{ggridges,
  title = {ggridges: Ridgeline Plots in 'ggplot2'},
  author = {Claus O. Wilke},
  year = {2021},
  note = {R package version 0.5.3},
  url = {https://CRAN.R-project.org/package=ggridges},
}

@article{services2018physical,
  title={Physical Activity Guidelines Advisory Committee Report},
  author={US Department of Health, Human Services},
  year={2018},
  url={https://www.cdc.gov/healthyschools/physicalactivity/facts.htm}
}

@article{trost2002age,
  title={Age and gender differences in objectively measured physical activity in youth},
  author={Trost, Stewart G and Pate, Russell R and Sallis, James F and Freedson, Patty S and Taylor, Wendell C and Dowda, Marsha and Sirard, John and others},
  journal={Medicine and science in sports and exercise},
  volume={34},
  number={2},
  pages={350--355},
  year={2002},
  publisher={Citeseer}
}

@article{oh2017recruitment,
  title={Recruitment, enrollment, and response of parent--adolescent dyads in the FLASHE study},
  author={Oh, April Y and Davis, Terisa and Dwyer, Laura A and Hennessy, Erin and Li, Tiandong and Yaroch, Amy L and Nebeling, Linda C},
  journal={American journal of preventive medicine},
  volume={52},
  number={6},
  pages={849--855},
  year={2017},
  publisher={Elsevier}
}